@masterthesis{master-thesis,
    title = {Instant, Personalized Search Recommandation},
    author = {Rudihagen J. A. R},
    institution = {Norwegian University of Science and Technology},
    school= {Norwegian University of Science and Technology},
    year = {2015}
}

@masterthesis{project-report,
    title = {Instant Search Using Query Expansion with Pseudo-Relevance},
    author = {Lund J.},
    institution = {Norwegian University of Science and Technology},
    school= {Norwegian University of Science and Technology},
    year = {2016}
}

@article{ir-microblogs,
    author = {Efron M.},
    title = {Information Serach and Retrieval in Microblogs},
    institution = {University of Illinois},
    year = {2011}
}

@article{ir-hashtag,
    author = {Miles Efron},
    title = {Hashtag Retrieval in a Microblogging Environment},
    institution = {University of Illinois},
    year = {2010}
}

@inproceedings{google-latency,
  title = {User Preference and Search Engine Latency},
  author  = {Jake D. Brutlag and Hilary Hutchinson and Maria Stone},
  year  = 2008,
  booktitle = {JSM Proceedings, Qualtiy and Productivity Research Section.},
  address = {Alexandria, VA}
}

@inproceedings{twitter-suggestion,
 author = {Mishne, Gilad and Dalton, Jeff and Li, Zhenghua and Sharma, Aneesh and Lin, Jimmy},
 title = {Fast Data in the Era of Big Data: Twitter's Real-time Related Query Suggestion Architecture},
 booktitle = {Proceedings of the 2013 ACM SIGMOD International Conference on Management of Data},
 series = {SIGMOD '13},
 year = {2013},
 isbn = {978-1-4503-2037-5},
 location = {New York, New York, USA},
 pages = {1147--1158},
 numpages = {12},
 url = {http://doi.acm.org/10.1145/2463676.2465290},
 doi = {10.1145/2463676.2465290},
 acmid = {2465290},
 publisher = {ACM},
 address = {New York, NY, USA},
 keywords = {hadoop, log analysis, mapreduce},
}

@article {model-feedback,
    author = {Chengxiang Zha, John Lafferty},
    title  = {Model-based Feedback in the Language Modeling Approach to Information Retrieval},
    year   = {2001},
    institution = {Carnegie Mellon University}
}

@online{elasticsearch-scoring,
    title={Elasticsearch Controlling Relevance},
    author = {Elastic},
    howpublished = "\url{https://www.elastic.co/guide/en/elasticsearch/guide/current/controlling-relevance.html}",
    note={Accessed: 16.11.2016}
}

@online{lucene-documentation,
  title = {Apache Lucene 6.4.0 documentation},
  author = {The Apache Software Foundation},
  howpublished = "\url{https://lucene.apache.org/core/6_4_0/index.html}",
  note={Accessed: 18.05.2017}
}

@article{pseudo-relevance-wikipedia,
    author = {Yang Xu, Gareth J. F. Jones, Bin Wang},
    title = {Query Dependent Pseudo-Relevance Feedback based on Wikipedia},
    institution = {Dublin City University},
    year = {2009}
}

@article{pseudo-relevance-invalid,
    author = {G. Cao, J.-Y. Nie, J. Gao, and S. Robertson},
    title = {Selecting good expansion terms for pseudo-relevance},
    year = {2008},
    pages={243-250}
}

@book{ir-book,
  title={Modern Information Retrieval the concepts and technology behind search},
  author={Baeza-Yates, R. and Ribeiro-Neto, B.},
  publisher={CRC Press},
  year={2011}
}

@article{query-reformulate,
  title={A Temporal Comparison of AltaVista Web Searching},
  author={B. Jansen, A. Spink, J. Pedersen},
  year={2005},
  pages={559-570}
}

@incollection{relevance-feedback,
  author={J. J. Rocchio},
  title={Relevance Feedback in Information Retrieval},
  classification-codes={H.3.3},
  crossref={Salton:71},
  entrydate=19870101,
  free-terms={Vector model},
  key={Rocchio:71},
  subject-descriptors={Retrieval models},
  year=1971
}
@misc{elasticsearch-scale,
  author = {{Alquiza J.}},
  title = {{Field notes - ElasticSearch at petabyte scale on AWS}},
  howpublished = "\url{https://grey-boundary.io/field-notes-elasticsearch-at-petabyte-scale-on-aws/}",
  note={Accessed: 07.12.2016},
  year = {2016}
}
@misc{google-marissa,
  author = {{Mayer M.}},
  title = {{In Search of... A better, faster stronger Web}},
  year = {2006},
  howpublished = "\url{http://assets.en.oreilly.com/1/event/29/Keynote%20Presentation%202.pdf}",
  note={Accessed: 02.06.2017}
}

@misc{apache-benchmark,
  author = {{The Apache Software Foundation}},
  title = {{ab - Apache HTTP server benchmarking tool}},
  url = {http://httpd.apache.org/docs/2.4/programs/ab.html},
  urldate = {2016-12-08},
  year = {2016}
}

@misc{elasticsearch-rest-api,
  author = {{Elastic}},
  title = {{Document APIs}},
  url = {https://www.elastic.co/guide/en/elasticsearch/reference/current/docs.html},
  urldate = {2016-12-09},
  year = {2016}
}

@misc{elasticsearch-indices,
  author = {{Elastic}},
  title = {{User-Based Data}},
  url = {https://www.elastic.co/guide/en/elasticsearch/guide/current/user-based.html},
  urldate = {2016-13-09},
  year = {2016}
}

@article{netflix-recommendation,
 author = {Gomez-Uribe, Carlos A. and Hunt, Neil},
 title = {The Netflix Recommender System: Algorithms, Business Value, and Innovation},
 journal = {ACM Trans. Manage. Inf. Syst.},
 issue_date = {January 2016},
 volume = {6},
 number = {4},
 month = dec,
 year = {2015},
 issn = {2158-656X},
 pages = {13:1--13:19},
 articleno = {13},
 numpages = {19},
 url = {http://doi.acm.org/10.1145/2843948},
 doi = {10.1145/2843948},
 acmid = {2843948},
 publisher = {ACM},
 address = {New York, NY, USA},
 keywords = {Recommender systems},
}

@inproceedings{fuzzy-search,
  title={Efficient interactive fuzzy keyword search},
  author={Ji, Shengyue and Li, Guoliang and Li, Chen and Feng, Jianhua},
  booktitle={Proceedings of the 18th international conference on World wide web},
  pages={371--380},
  year={2009},
  organization={ACM}
}

@online{elasticsearch-plugin-quote,
    title={Discussion thread on Elastic's offical website about developing Elasticsearch plugins},
    author = {Adrien Grand},
    howpublished = "\url{https://discuss.elastic.co/t/how-to-write-elasticsearch-plugin-for-2-2-version/55419/4}",
    note={Accessed: 22.05.2017}
}

@online{elasticsearch-plugin-documentation,
    title={Elasticsearch Plugins and Integrations},
    author = {Elastic},
    howpublished = "\url{https://www.elastic.co/guide/en/elasticsearch/plugins/5.2/index.html}",
    note={Accessed: 30.05.2017},
    year=2017
}

@inproceedings{youtube-recommendation-engine,
 author = {Covington, Paul and Adams, Jay and Sargin, Emre},
 title = {Deep Neural Networks for YouTube Recommendations},
 booktitle = {Proceedings of the 10th ACM Conference on Recommender Systems},
 series = {RecSys '16},
 year = {2016},
 isbn = {978-1-4503-4035-9},
 location = {Boston, Massachusetts, USA},
 pages = {191--198},
 numpages = {8},
 url = {http://doi.acm.org/10.1145/2959100.2959190},
 doi = {10.1145/2959100.2959190},
 acmid = {2959190},
 publisher = {ACM},
 address = {New York, NY, USA},
 keywords = {deep learning, recommender system, scalability},
}

@online{facebook,
  title = {News Feed FYI},
  author = {Facebook},
  howpublished = "\url{https://newsroom.fb.com/news/category/news-feed-fyi/}",
  note={Accessed: 08.06.2017}
}

@online{spotify,
  title = {On Track: Discover Weekly},
  author = {Spotify},
  howpublished = "\url{https://community.spotify.com/t5/Community-Blog/On-Track-Discover-Weekly/ba-p/1456790}",
  note={Accessed: 08.06.2017},
  year=2016
}

@online{search-engine-rank,
  title = {Desktop Search Engine Market Share},
  author = {NetMarketShare},
  howpublished = "\url{https://www.netmarketshare.com/search-engine-market-share.aspx?qprid=4&qpcustomd=0&qpstick=0&qpsp=2016&qpnp=1&qptimeframe=Y}",
  note={Accessed: 08.06.2017},
  year=2016
}

@online{lucene-core,
  title = {Apache Lucene Core},
  author = {The Apache Software Foundation},
  howpublished = "\url{http://lucene.apache.org/core/}",
  note={Accessed: 08.06.2017},
  year=2016
}

@online{lucene-scoring-function,
  title = {Lucene's Practical Scoring Function},
  author = {Elastic},
  howpublished = "\url{https://www.elastic.co/guide/en/elasticsearch/guide/current/practical-scoring-function.html}",
  note={Accessed: 08.06.2017}
}

@online{elasticsearch-fuzziness,
  title = {Fuzziness},
  author = {Elastic},
  howpublished = "\url{https://www.elastic.co/guide/en/elasticsearch/guide/current/fuzziness.html}",
  note={Accessed: 08.06.2017}
}

@online{lucene-stringfield,
  title = {Lucene StringField Documentation},
  author = {The Apache Software Foundation},
  howpublished = "\url{https://github.com/apache/lucene-solr/blob/master/lucene/core/src/java/org/apache/lucene/document/StringField.java}",
  note={Accessed: 08.06.2017}
}

@online{lucene-textfield,
  title = {Lucene TextField Documentation},
  author = {The Apache Software Foundation},
  howpublished = "\url{https://github.com/apache/lucene-solr/blob/master/lucene/core/src/java/org/apache/lucene/document/TextField.java}",
  note={Accessed: 08.06.2017}
}

@online{elasticsearch-plugin-api,
  title = {Elasticsearch Plugins and Integrations},
  author = {Elastic},
  howpublished = "\url{https://www.elastic.co/guide/en/elasticsearch/plugins/5.2/index.html}",
  note={Accessed: 08.06.2017}
}

@online{elasticsearch-hardware,
  title = {Hardware},
  author = {Elastic},
  howpublished = "\url{https://www.elastic.co/guide/en/elasticsearch/guide/current/hardware.html}",
  note={Accessed: 08.06.2017}
}

@online{elasticsearch-heap-size,
  title = {Heap: Sizing and Swapping},
  author = {Elastic},
  howpublished = "\url{https://www.elastic.co/guide/en/elasticsearch/guide/current/heap-sizing.html}",
  note={Accessed: 08.06.2017}
}
